% ------------ PAPERS ------------

@article{cb_2014,
    author = "Carla Bezerra and Káthia Marçal de Oliveira and Rossana M. C. Andrade and José Maria Monteiro and Rainara Maia Santos and Ismayle Santos and Mourad Abed and Houcine Ezzedine",
    title = "Challenges for usability testing in ubiquitous systems",
    journal = "26th Conference on l'Interaction Homme-Machine",
    pages = "183-188",
    year = 2014
}

@article{ola_2019,
    author = "Olalekan Lee Aiyegbus",
    title = "Key methodological considerations for usability testing of electronic patient-reported outcome (ePRO) systems",
    journal = "Quality of Life Research",
    volume = "29",
    pages = "325-333",
    year = 2019
}

@article{pgd_2020,
    author = "Peter Gregory Dunn and Alice Hayes",
    title = "The Problems with Usability Testing",
    journal = "22nd International Conference, HCII 2020",
    pages = "420-430",
    year = 2020
}

@article{snh_2020,
    author = "Sabda Norman Hayat and Fatwa Ramdani",
    title = "A comparative analysis of usability evaluation methods of academic mobile application: are four methods better?",
    journal = "5th International Conference on Sustainable Information Engineering and Technology",
    pages = "136-141",
    year = "2020"
}

@article{dn_2016,
    author = "Divya Natesan and Morgan Walker and Shannon Clark",
    title = "Cognitive Bias in Usability Testing",
    journal = "2016 International Symposium on Human Factors and Ergonomics in Health Care: Improving the Outcomes",
    volume = "5",
    pages = "86-88",
    year = 2016
}

@article{pkf_2018,
    author = "Parisa Khatamian Far",
    title = "Challenges of Recruitment and Retention of University Students as Research Participants: Lessons Learned from a Pilot Study",
    journal = "Journal of the Australian Library and Information Association",
    volume = "67",
    pages = "278-292",
    year = 2018
}

@article{aj_2015,
    author = "Ainsley James and Bev Taylor and Karen Francis",
    title = "Researching with young people as participants: Issues in recruitment",
    journal = "Contemporary Nurse",
    volume = "47",
    pages = "36-41",
    year = 2015
}

@article{nc_2020,
    author = "N. Chaudhari and R. Ravi and N. J. Gogtay and U. M. Thatte",
    title = "Recruitment and retention of the participants in clinical trials: Challenges and solutions",
    journal = "Perspectives in Clinical Research",
    volume = "11",
    pages = "64-69",
    year = 2020
}

@article{sg_2008,
    author = "Saul Greenberg and Bill Buxton",
    title = "Usability evaluation considered harmful (some of the time)",
    journal = "Conference on Human Factors in Computing Systems",
    pages = "111-120",
    year = 2008
}

@article{mh_2016,
    author = "Morten Hertzum",
    title = "Usability Testing: Too Early? Too Much Talking? Too Many Problems?",
    journal = "Journal of Usability Studies",
    volume = "11",
    pages = "83-88",
    year = 2016
}

@article{gl_2007,
    author = "Gitte Lindgaard and Jarine Chattratichart",
    title = "Usability testing: what have we overlooked?",
    journal = "Conference on Human Factors in Computing",
    pages = "1415-1424",
    year = 2007
}

@article{hf_2021,
    author = "Heather Fischer and Holly Cho and Martin Storksdieck",
    title = "Going Beyond Hooked Participants: The Nibble-and- Drop Framework for Classifying Citizen Science Participation",
    journal = "Citizen Science: Theory and Practice",
    volume = "6",
    pages = "10-28",
    year = 2021
}

@article{md_2017,
    author = "Milad Davari and Haleh Amintoosi",
    title = "A survey on participant recruitment in crowdsensing systems",
    journal = "6th International Conference on Computer and Knowledge Engineering",
    pages = "286-291",
    year = 2017
}

@article{lmb_2011,
    author = "Lauren Matukaitis Broyles and Keri L. Rodriguez and Patrice A. Price and Nichole K. Bayliss and Mary Ann Sevick",
    title = "Overcoming Barriers to the Recruitment of Nurses as Participants in Health Care Research",
    journal = "Qualitative Health Research",
    volume = "21",
    pages = "1705-1718",
    year = 2011
}

@article{hs_2011,
    author = "Hanne Sørum and Kim Normann Andersen and Ravi Vatrapu",
    title = "Public websites and human–computer interaction: an empirical study of measurement of website quality and user satisfaction",
    journal = "Behaviour & Information Technology",
    volume = "31",
    pages = "697-706",
    year = 2011
}

@article{ds_2014,
    author = "Dina Salah and Richard Paige and Paul Cairns",
    title = "A practitioner perspective on integrating agile and user centred design",
    journal = "HCI 2014 - Sand, Sea and Sky - Holiday HCI",
    pages = "100-109",
    year = 2014
}

@article{ln_2012,
    author = "Lene Nielsen and Sabine Madsen",
    title = "The usability expert's fear of agility: an empirical study of global trends and emerging practices",
    journal = "7th Nordic Conference on Human-Computer Interaction: Making Sense Through Design",
    pages = "261-264",
    year = 2012
}

@article{pf_2017,
    author = "Paula Forbes and Stefano de Paoli and Ken Scott-Brown",
    title = "The ABCD of Usability Testing",
    journal = "31st International BCS Human Computer Interaction Conference",
    year = 2017
}

% ------------ OTHERS ------------

@article{ano_2021,
    author = "Emil Elton Nilsen and Sander Hurlen Olsen and Steffen Holanger and Christoffer Andersen Træen",
    title = "Anovote",
    pages = "33-35",
    year = 2021,
    url = "https://ntnuopen.ntnu.no/ntnu-xmlui/handle/11250/2782127"
}

@book{bjo_2012,
    title = "Researching Information Systems and Computing",
    author = "Briony J. Oates and Marie Griffiths and Rachel McLean",
    year = 2022,
    publisher = "Sage Publishing"
}

@online{nav_2022,
    author = "NAV",
    title = "What is NAV?",
    url = "https://www.nav.no/en/home/about-nav/what-is-nav",
    year = 2022
}

@online{nhf_2022,
    author = "Norges-Handikapforbund",
    title = "Tall og fakta",
    url = "https://nhf.no/for-tillitsvalgte/abc-om-nhf/tall-og-fakta/",
    year = 2022
}

@online{at_2021,
    author = "Truls Jørgensen and Audun Fauchald Strand",
    title = "Audun og Truls - en slags historietime",
    url = "https://vimeo.com/556155348/adc0acd784",
    year = 2021
}

@online{sk_2022,
    author = "Ståle Kjone and Sarah Brodwall",
    title = "Test min løsning",
    url = "https://aksel.nav.no/artikkel/test-min-losning?tema=universell-utforming",
    year = 2022
}

@online{a_2022,
    author = "Atlassian",
    title = "What is Agile",
    url = "https://www.atlassian.com/agile",
    year = 2022
}

@online{iso_2022,
    author = "ISO",
    title = "ISO 9241-11",
    url = "https://www.iso.org/obp/ui/#iso:std:iso:ts:20282:-2:ed-2:v1:en",
    year = 2022
}

@online{ps_2022,
    author = "Wikipedia",
    title = "Public sector",
    url = "https://en.wikipedia.org/wiki/Public_sector",
    year = 2022
}

@online{os_2022,
    author = "SNL",
    title = "Offentlig sektor",
    url = "https://snl.no/offentlig_sektor",
    year = 2022
}

@online{hn_2020,
    author = "Helse-Norge",
    title = "What are Clinical trials?",
    url = "https://www.helsenorge.no/en/clinical-trials/about/",
    year = 2020
}